<?xml version="1.0" encoding="UTF-8"?><collection xmlns="http://www.loc.gov/MARC21/slim"><record><leader>00442nam--2200121-i-4500</leader><controlfield tag="001">000002702</controlfield><controlfield tag="002">20161230</controlfield><controlfield tag="005">20161230201025</controlfield><controlfield tag="008">060222s1000------------r-----000-0-eng-d</controlfield><datafield ind1=" " ind2=" " tag="245"><subfield code="a">Les accelerateurs de particules. reunions d etudes et de mises au point tenues en mai- juin 1949 sous la presidence de l.de broglie</subfield></datafield><datafield ind1=" " ind2=" " tag="260"><subfield code="a">Paris, Edit.De La Revue D Optique Theorique Et Instrumentale, 1950 324 P</subfield></datafield><datafield ind1=" " ind2=" " tag="700"><subfield code="a">Broglie, Louis De</subfield></datafield><datafield ind1=" " ind2=" " tag="852"><subfield code="a">10188</subfield></datafield></record></collection>